@misc{wesselink2024nervatrulysparseimplementation,
      title={Nerva: a Truly Sparse Implementation of Neural Networks}, 
      author={Wieger Wesselink and Bram Grooten and Qiao Xiao and Cassio de Campos and Mykola Pechenizkiy},
      year={2024},
      eprint={2407.17437},
      archivePrefix={arXiv},
      primaryClass={cs.LG},
      url={https://arxiv.org/abs/2407.17437}, 
}
